<?xml version="1.0" encoding="UTF-8"?><collection xmlns="http://www.loc.gov/MARC21/slim"><record><leader>00669nam--2200193-u-4500</leader><controlfield tag="001">000054370</controlfield><controlfield tag="002">20161230</controlfield><controlfield tag="005">20161230201051</controlfield><controlfield tag="008">111130s1000------------r-----000-0-rus-d</controlfield><datafield ind1=" " ind2=" " tag="040"><subfield code="a">IFIN-HH</subfield></datafield><datafield ind1=" " ind2=" " tag="041"><subfield code="a">rus</subfield></datafield><datafield ind1=" " ind2=" " tag="080"><subfield code="a">539.12</subfield></datafield><datafield ind1="1" ind2=" " tag="110"><subfield code="a">Institut Fiziki Visokih Energii</subfield></datafield><datafield ind1="1" ind2="0" tag="245"><subfield code="a">Trudi h mejdunarodnoi konferentii po uskoriteliam zariajennih ceastit visokih energii protvino, iyuli 1977</subfield><subfield code="b">Proceedinngs of the h international conference on high energy accelerators protvino, july 1977</subfield></datafield><datafield ind1=" " ind2=" " tag="260"><subfield code="a">Serpuhov</subfield><subfield code="b">Institut Fiziki Visokih Energii</subfield><subfield code="c">1977</subfield></datafield><datafield ind1=" " ind2=" " tag="300"><subfield code="a">2 VOLUME</subfield></datafield><datafield ind1="1" ind2=" " tag="787"><subfield code="a">Tom Ii</subfield><subfield code="h">473p</subfield></datafield><datafield ind1=" " ind2=" " tag="852"><subfield code="a">45610</subfield><subfield code="c">539.12</subfield></datafield><datafield ind1=" " ind2=" " tag="CAT"><subfield code="a">Sys</subfield><subfield code="c">20111130</subfield><subfield code="h">092219</subfield></datafield></record></collection>